@article{whiteking,
author = {Helen White and Linsey King},
title = {Enteral feeding pumps: efficacy, safety, and patient acceptability},
date = {2014},
journal = {Medical Devices: Evidence and Research},
publisher = {PMC},
doi = {10.2147/MDER.S50050},
volume = {7},
pages = {291-298},
}