%These comments could cause issues if you use biblatex instead of biber as your biblio backend
% Biber is the de facto standard now, however if these comments cause issues you can just remove them

%Citations made from the references section here
@online{androidauthority,
title = {How to Store Data Locally in an Android App},
author = {{Android Authority}},
year = {2017},
urldate = {2019-11-20},
url = {www.androidauthority.com/how-to-store-data-locally-in-android-app-717190/}
}
@online{ionicforum,
title = {How to Get Current Time without Using Picker},
author = {Krishna12},
publisher = {Ionic Forum},
year = {2017},
urldate = {2019-11-20},
url = {forum.ionicframework.com/t/how-to-getcurrent-time-without-using-picker/112208}
}
@online{top10,
title = {Top 10 Best Mobile App Development Frameworks in 2019-20},
author = {Alex Hales},
urldate = {2019-11-20},
year = {2019},
url = {hackernoon.com/top-10-best-mobile-app-development-frameworks-in-2019-612b95cf930f},
publisher = {Hacker Noon},
}
@online{cordova,
author = {Nisal Edu},
title = {Cordova : Android device current date/time},
year = {2017},
urldate = {2019-11-20},
url = {stackoverflow.com/questions/46781636/cordova-android-device-current-date-time},
publisher = {Stack Overflow},
}
@online{FDA,
title = {Policy for Device Software Functions andMobile Medical Applications},
author = {{Office of Communication, Outreach, and Development}},
publisher = {United States Food and Drug Administration},
year = {2019},
urldate = {2019-11-20},
url = {https://www.fda.gov/media/80958/download},
}

% Citations from Parker's Tech Review
@online{qplatforms,
author = {{The Qt Company}},
title = {Supported Platforms},
year = {2019},
url = {https://doc.qt.io/qt-5/supported-platforms.html},
urldate = {2019-11-03},
}
@online{qbindings,
author = {{Qt Wiki}},
title = {Language Bindings},
year = {2019},
url = {https://wiki.qt.io/Language_Bindings},
urldate = {2019-11-03},
}
@online{jplatforms,
author = {{Oracle Corporation}},
title = {JavaFX Frequently Asked Questions},
year = {2019},
url = {https://www.oracle.com/technetwork/java/javafx/overview/faq-1446554.html#4},
urldate = {2019-11-03},
}
@online{mvc,
author = {Trygve Reenskaug and James O. Coplien},
title = {The DCI Architecture: A New Vision of Object-Oriented Programming},
year = {2009},
url = {https://www.artima.com/articles/dci_vision.html},
urldate = {2019-11-03},
}
@online{mvp,
author = {Mike Potel},
title = {The Taligent Programming Model for C++ and Java},
year = {1996},
url = {http://www.wildcrest.com/Potel/Portfolio/mvp.pdf},
urldate = {2019-11-03},
}
@online{mvvm,
author = {Martin Fowler},
title = {Presentation Model},
year = {2004},
url = {https://martinfowler.com/eaaDev/PresentationModel.html},
urldate = {2019-11-03},
}
@online{haskell,
author = {Bryan O'Sullivan and Don Stewart and John Goerzen},
title = {Why functional programming? Why Haskell?},
url = {http://book.realworldhaskell.org/read/why-functional-programming-why-haskell.html},
urldate = {2019-11-08},
year = {2008}
}
@online{datadriven,
author = {Naveed Khan},
title = {Introduction to Data Driven Programming},
url = {https://www.effective-programmer.com/2018/05/27/introduction-to-data-driven-programming/},
urldate = {2019-11-08},
year = {2018}
}